@ARTICLE{RizzoSmith21,
       author = {{Rizzo Smith}, M. and {Jayasinghe}, T. and {Stanek}, K.~Z. and {Kochanek}, C.~S. and {Rowan}, D.~M. and {Christy}, C. and {Thompson}, T.~A. and {Shappee}, B.~J. and {Holoien}, T.~W. -S. and {Prieto}, J.~L. and {Dong}, Subo and {Stritzinger}, M.},
        title = "{ASASSN-21qj: A Rapidly Fading, Sun-Like Star}",
      journal = {The Astronomer's Telegram},
     keywords = {Variables},
         year = 2021,
        month = aug,
       volume = {14879},
        pages = {1},
       adsurl = {https://ui.adsabs.harvard.edu/abs/2021ATel14879....1R},
      adsnote = {Provided by the SAO/NASA Astrophysics Data System}
}


@Book{		  numpy,
  title		= {A guide to NumPy},
  author	= {Oliphant, Travis E},
  series		= {},
  volume	= {1},
  year		= {2006},
  publisher	= {Trelgol Publishing USA}
}


@ARTICLE{Pizzolato03,
       author = {{Pizzolato}, N. and {Maggio}, A. and {Micela}, G. and {Sciortino}, S. and {Ventura}, P.},
        title = "{The stellar activity-rotation relationship revisited: Dependence of saturated and non-saturated X-ray emission regimes on stellar mass for late-type dwarfs}",
      journal = {\aap},
     keywords = {stars: activity, stars: late-type, X-rays: stars},
         year = 2003,
        month = jan,
       volume = {397},
        pages = {147-157},
          doi = {10.1051/0004-6361:20021560},
       adsurl = {https://ui.adsabs.harvard.edu/abs/2003A&A...397..147P},
      adsnote = {Provided by the SAO/NASA Astrophysics Data System}
}

@ARTICLE{Pepper12,
   author = {{Pepper}, J. and {Kuhn}, R.~B. and {Siverd}, R. and {James}, D. and
        {Stassun}, K.},
    title = "{The KELT-South Telescope}",
  journal = {\pasp},
archivePrefix = "arXiv",
   eprint = {1202.1826},
 primaryClass = "astro-ph.IM",
     year = 2012,
    month = mar,
   volume = 124,
    pages = {230},
      doi = {10.1086/665044},
   adsurl = {http://adsabs.harvard.edu/abs/2012PASP..124..230P},
  adsnote = {Provided by the SAO/NASA Astrophysics Data System}
}


@Article{	  matplotlib,
  author	= {{Hunter}, John D.},
  title		= "{Matplotlib: A 2D Graphics Environment}",
  journal	= {Computing in Science and Engineering},
  keywords	= {Python, Scripting languages, Application development,
		  Scientific programming},
  year		= 2007,
  month		= may,
  volume	= {9},
  pages		= {90-95},
  doi		= {10.1109/MCSE.2007.55},
  adsurl	= {https://ui.adsabs.harvard.edu/\#abs/2007CSE.....9...90H},
  adsnote	= {Provided by the SAO/NASA Astrophysics Data System}
}

@Article{	  astropy_1,
  author	= {{Astropy Collaboration} and {Robitaille}, T.~P. and
		  {Tollerud}, E.~J. and {Greenfield}, P. and {Droettboom}, M.
		  and {Bray}, E. and {Aldcroft}, T. and {Davis}, M. and
		  {Ginsburg}, A. and {Price-Whelan}, A.~M. and {Kerzendorf},
		  W.~E. and {Conley}, A. and {Crighton}, N. and {Barbary}, K.
		  and {Muna}, D. and {Ferguson}, H. and {Grollier}, F. and
		  {Parikh}, M.~M. and {Nair}, P.~H. and {Unther}, H.~M. and
		  {Deil}, C. and {Woillez}, J. and {Conseil}, S. and
		  {Kramer}, R. and {Turner}, J.~E.~H. and {Singer}, L. and
		  {Fox}, R. and {Weaver}, B.~A. and {Zabalza}, V. and
		  {Edwards}, Z.~I. and {Azalee Bostroem}, K. and {Burke},
		  D.~J. and {Casey}, A.~R. and {Crawford}, S.~M. and
		  {Dencheva}, N. and {Ely}, J. and {Jenness}, T. and
		  {Labrie}, K. and {Lim}, P.~L. and {Pierfederici}, F. and
		  {Pontzen}, A. and {Ptak}, A. and {Refsdal}, B. and
		  {Servillat}, M. and {Streicher}, O.},
  title		= "{Astropy: A community Python package for astronomy}",
  journal	= {\aap},
  archiveprefix	= "arXiv",
  eprint	= {1307.6212},
  primaryclass	= "astro-ph.IM",
  keywords	= {methods: data analysis, methods: miscellaneous, virtual
		  observatory tools},
  year		= 2013,
  month		= oct,
  volume	= 558,
  eid		= {A33},
  pages		= {A33},
  doi		= {10.1051/0004-6361/201322068},
  adsurl	= {http://adsabs.harvard.edu/abs/2013A%26A...558A..33A},
  adsnote	= {Provided by the SAO/NASA Astrophysics Data System}
}

@article{pojmanski_all_1997,
	title = {The {All} {Sky} {Automated} {Survey}},
	volume = {47},
	issn = {0001-5237},
	url = {http://adsabs.harvard.edu/abs/1997AcA....47..467P},
	urldate = {2021-05-03},
	journal = {Acta Astronomica},
	author = {Pojmanski, G.},
	month = oct,
	year = {1997},
	keywords = {SURVEYS, TECHNIQUES: PHOTOMETRIC, TELESCOPES},
	pages = {467--481},
}

@ARTICLE{asas_2018,
       author = {{Simon}, J.~D. and {Shappee}, B.~J. and {Pojmanski}, G. and {Montet}, B.~T. and {Kochanek}, C.~S. and {van Saders}, J. and {Holoien}, T.~W. -S. and {Henden}, A.~A.},
        title = "{VizieR Online Data Catalog: KIC 8462852 ASAS V-band long-term variability (Simon+, 2018)}",
      journal = {VizieR Online Data Catalog},
     keywords = {Stars: F-type, Photometry, Optical, Stars: variable},
         year = 2018,
        month = oct,
          eid = {J/ApJ/853/77},
        pages = {J/ApJ/853/77},
       adsurl = {https://ui.adsabs.harvard.edu/abs/2018yCat..18530077S},
      adsnote = {Provided by the SAO/NASA Astrophysics Data System}
}

@ARTICLE{asas_2005,
       author = {{Pojmanski}, G.},
        title = "{VizieR Online Data Catalog: All Sky Automated Survey Catalog (Pojmanski+, 2000)}",
      journal = {VizieR Online Data Catalog (other)},
     keywords = {Stars: variable, Surveys, Magnitudes},
         year = 2005,
        month = sep,
       volume = {0050},
          eid = {J/other/AcA/50},
        pages = {J/other/AcA/50},
       adsurl = {https://ui.adsabs.harvard.edu/abs/2005yCatp005005001P},
      adsnote = {Provided by the SAO/NASA Astrophysics Data System}
}

@ARTICLE{Bai19,
       author = {{Bai}, Yu and {Liu}, JiFeng and {Bai}, ZhongRui and {Wang}, Song and {Fan}, DongWei},
        title = "{Machine-learning Regression of Stellar Effective Temperatures in the Second Gaia Data Release}",
      journal = {\aj},
     keywords = {methods: data analysis, stars: fundamental parameters, techniques: spectroscopic, Astrophysics - Solar and Stellar Astrophysics, Astrophysics - Instrumentation and Methods for Astrophysics},
         year = 2019,
        month = aug,
       volume = {158},
       number = {2},
          eid = {93},
        pages = {93},
          doi = {10.3847/1538-3881/ab3048},
archivePrefix = {arXiv},
       eprint = {1906.09695},
 primaryClass = {astro-ph.SR},
       adsurl = {https://ui.adsabs.harvard.edu/abs/2019AJ....158...93B},
      adsnote = {Provided by the SAO/NASA Astrophysics Data System}
}
@article{shappee_man_2014,
	title = {The {Man} behind the {Curtain}: {X}-{Rays} {Drive} the {UV} through {NIR} {Variability} in the 2013 {Active} {Galactic} {Nucleus} {Outburst} in {NGC} 2617},
	volume = {788},
	issn = {0004-637X},
	shorttitle = {The {Man} behind the {Curtain}},
	url = {http://adsabs.harvard.edu/abs/2014ApJ...788...48S},
	doi = {10.1088/0004-637X/788/1/48},

	urldate = {2021-05-03},
	journal = {The Astrophysical Journal},
	author = {Shappee, B. J. and Prieto, J. L. and Grupe, D. and Kochanek, C. S. and Stanek, K. Z. and De Rosa, G. and Mathur, S. and Zu, Y. and Peterson, B. M. and Pogge, R. W. and Komossa, S. and Im, M. and Jencson, J. and Holoien, T. W.-S. and Basu, U. and Beacom, J. F. and Szczygieł, D. M. and Brimacombe, J. and Adams, S. and Campillay, A. and Choi, C. and Contreras, C. and Dietrich, M. and Dubberley, M. and Elphick, M. and Foale, S. and Giustini, M. and Gonzalez, C. and Hawkins, E. and Howell, D. A. and Hsiao, E. Y. and Koss, M. and Leighly, K. M. and Morrell, N. and Mudd, D. and Mullins, D. and Nugent, J. M. and Parrent, J. and Phillips, M. M. and Pojmanski, G. and Rosing, W. and Ross, R. and Sand, D. and Terndrup, D. M. and Valenti, S. and Walker, Z. and Yoon, Y.},
	month = jun,
	year = {2014},
	keywords = {galaxies: Seyfert, galaxies: active, galaxies: nuclei, line: formation, line: profiles},
	pages = {48},
}

@article{kochanek_all-sky_2017,
	title = {The {All}-{Sky} {Automated} {Survey} for {Supernovae} ({ASAS}-{SN}) {Light} {Curve} {Server} v1.0},
	volume = {129},
	issn = {0004-6280},
	url = {http://adsabs.harvard.edu/abs/2017PASP..129j4502K},
	doi = {10.1088/1538-3873/aa80d9},
	abstract = {The All-Sky Automated Survey for Supernovae (ASAS-SN) is working toward imaging the entire visible sky every night to a depth of V∼ 17 mag. The present data covers the sky and spans ∼2-5 years with
∼100-400 epochs of observation. The data should contain some ∼1
million variable sources, and the ultimate goal is to have a database of these observations publicly accessible. We describe here a first step, a simple but unprecedented web interface https://asas-sn.osu.edu/ that provides an up to date aperture photometry light curve for any
user-selected sky coordinate. The V band photometry is obtained using a two-pixel (16.″0) radius aperture and is calibrated against the
APASS catalog. Because the light curves are produced in real time, this web tool is relatively slow and can only be used for small samples of objects. However, it also imposes no selection bias on the part of the ASAS-SN team, allowing the user to obtain a light curve for any point on the celestial sphere. We present the tool, describe its capabilities, limitations, and known issues, and provide a few illustrative examples.},
	urldate = {2021-05-03},
	journal = {Publications of the Astronomical Society of the Pacific},
	author = {Kochanek, C. S. and Shappee, B. J. and Stanek, K. Z. and Holoien, T. W.-S. and Thompson, Todd A. and Prieto, J. L. and Dong, Subo and Shields, J. V. and Will, D. and Britt, C. and Perzanowski, D. and Pojmanski, G.},
	month = oct,
	year = {2017},
	pages = {104502},
}

@ARTICLE{2015JATIS...1a4003R,
       author = {{Ricker}, George R. and {Winn}, Joshua N. and {Vanderspek}, Roland and {Latham}, David W. and {Bakos}, G{\'a}sp{\'a}r {\'A}. and {Bean}, Jacob L. and {Berta-Thompson}, Zachory K. and {Brown}, Timothy M. and {Buchhave}, Lars and {Butler}, Nathaniel R. and {Butler}, R. Paul and {Chaplin}, William J. and {Charbonneau}, David and {Christensen-Dalsgaard}, J{\o}rgen and {Clampin}, Mark and {Deming}, Drake and {Doty}, John and {De Lee}, Nathan and {Dressing}, Courtney and {Dunham}, Edward W. and {Endl}, Michael and {Fressin}, Francois and {Ge}, Jian and {Henning}, Thomas and {Holman}, Matthew J. and {Howard}, Andrew W. and {Ida}, Shigeru and {Jenkins}, Jon M. and {Jernigan}, Garrett and {Johnson}, John Asher and {Kaltenegger}, Lisa and {Kawai}, Nobuyuki and {Kjeldsen}, Hans and {Laughlin}, Gregory and {Levine}, Alan M. and {Lin}, Douglas and {Lissauer}, Jack J. and {MacQueen}, Phillip and {Marcy}, Geoffrey and {McCullough}, Peter R. and {Morton}, Timothy D. and {Narita}, Norio and {Paegert}, Martin and {Palle}, Enric and {Pepe}, Francesco and {Pepper}, Joshua and {Quirrenbach}, Andreas and {Rinehart}, Stephen A. and {Sasselov}, Dimitar and {Sato}, Bun'ei and {Seager}, Sara and {Sozzetti}, Alessandro and {Stassun}, Keivan G. and {Sullivan}, Peter and {Szentgyorgyi}, Andrew and {Torres}, Guillermo and {Udry}, Stephane and {Villasenor}, Joel},
        title = "{Transiting Exoplanet Survey Satellite (TESS)}",
      journal = {Journal of Astronomical Telescopes, Instruments, and Systems},
         year = 2015,
        month = jan,
       volume = {1},
          eid = {014003},
        pages = {014003},
          doi = {10.1117/1.JATIS.1.1.014003},
       adsurl = {https://ui.adsabs.harvard.edu/abs/2015JATIS...1a4003R},
      adsnote = {Provided by the SAO/NASA Astrophysics Data System}
}


@ARTICLE{Feinstein19,
       author = {{Feinstein}, Adina D. and {Montet}, Benjamin T. and {Foreman-Mackey}, Daniel and {Bedell}, Megan E. and {Saunders}, Nicholas and {Bean}, Jacob L. and {Christiansen}, Jessie L. and {Hedges}, Christina and {Luger}, Rodrigo and {Scolnic}, Daniel and {Cardoso}, Jos{\'e} Vin{\'\i}cius de Miranda},
        title = "{eleanor: An Open-source Tool for Extracting Light Curves from the TESS Full-frame Images}",
      journal = {\pasp},
     keywords = {Astrophysics - Instrumentation and Methods for Astrophysics, Astrophysics - Earth and Planetary Astrophysics, Astrophysics - Solar and Stellar Astrophysics},
         year = 2019,
        month = sep,
       volume = {131},
       number = {1003},
        pages = {094502},
          doi = {10.1088/1538-3873/ab291c},
archivePrefix = {arXiv},
       eprint = {1903.09152},
 primaryClass = {astro-ph.IM},
       adsurl = {https://ui.adsabs.harvard.edu/abs/2019PASP..131i4502F},
      adsnote = {Provided by the SAO/NASA Astrophysics Data System}
}

@ARTICLE{2022MNRAS.tmp.2636H,
       author = {{Hansen}, Bradley M.~S.},
        title = "{Consequences of dynamically unstable moons in extrasolar systems}",
      journal = {\mnras},
     keywords = {planets and satellites: detection, planets and satellites: dynamical evolution and stability, planets and satellites: terrestrial planets, planet-star interactions, infrared: planetary systems, (stars:) planetary systems, Astrophysics - Earth and Planetary Astrophysics},
         year = 2022,
        month = oct,
          doi = {10.1093/mnras/stac2847},
archivePrefix = {arXiv},
       eprint = {2210.02603},
 primaryClass = {astro-ph.EP},
       adsurl = {https://ui.adsabs.harvard.edu/abs/2022MNRAS.tmp.2636H},
      adsnote = {Provided by the SAO/NASA Astrophysics Data System}
}
@Article{	  astropy_2,
  author	= {{Astropy Collaboration} and {Price-Whelan}, A.~M. and
		  {Sip{\H o}cz}, B.~M. and {G{\"u}nther}, H.~M. and {Lim},
		  P.~L. and {Crawford}, S.~M. and {Conseil}, S. and {Shupe},
		  D.~L. and {Craig}, M.~W. and {Dencheva}, N. and {Ginsburg},
		  A. and {VanderPlas}, J.~T. and {Bradley}, L.~D. and
		  {P{\'e}rez-Su{\'a}rez}, D. and {de Val-Borro}, M. and
		  {Aldcroft}, T.~L. and {Cruz}, K.~L. and {Robitaille}, T.~P.
		  and {Tollerud}, E.~J. and {Ardelean}, C. and {Babej}, T.
		  and {Bach}, Y.~P. and {Bachetti}, M. and {Bakanov}, A.~V.
		  and {Bamford}, S.~P. and {Barentsen}, G. and {Barmby}, P.
		  and {Baumbach}, A. and {Berry}, K.~L. and {Biscani}, F. and
		  {Boquien}, M. and {Bostroem}, K.~A. and {Bouma}, L.~G. and
		  {Brammer}, G.~B. and {Bray}, E.~M. and {Breytenbach}, H.
		  and {Buddelmeijer}, H. and {Burke}, D.~J. and {Calderone},
		  G. and {Cano Rodr{\'{\i}}guez}, J.~L. and {Cara}, M. and
		  {Cardoso}, J.~V.~M. and {Cheedella}, S. and {Copin}, Y. and
		  {Corrales}, L. and {Crichton}, D. and {D'Avella}, D. and
		  {Deil}, C. and {Depagne}, {\'E}. and {Dietrich}, J.~P. and
		  {Donath}, A. and {Droettboom}, M. and {Earl}, N. and
		  {Erben}, T. and {Fabbro}, S. and {Ferreira}, L.~A. and
		  {Finethy}, T. and {Fox}, R.~T. and {Garrison}, L.~H. and
		  {Gibbons}, S.~L.~J. and {Goldstein}, D.~A. and {Gommers},
		  R. and {Greco}, J.~P. and {Greenfield}, P. and {Groener},
		  A.~M. and {Grollier}, F. and {Hagen}, A. and {Hirst}, P.
		  and {Homeier}, D. and {Horton}, A.~J. and {Hosseinzadeh},
		  G. and {Hu}, L. and {Hunkeler}, J.~S. and {Ivezi{\'c}}, {\v
		  Z}. and {Jain}, A. and {Jenness}, T. and {Kanarek}, G. and
		  {Kendrew}, S. and {Kern}, N.~S. and {Kerzendorf}, W.~E. and
		  {Khvalko}, A. and {King}, J. and {Kirkby}, D. and
		  {Kulkarni}, A.~M. and {Kumar}, A. and {Lee}, A. and {Lenz},
		  D. and {Littlefair}, S.~P. and {Ma}, Z. and {Macleod},
		  D.~M. and {Mastropietro}, M. and {McCully}, C. and
		  {Montagnac}, S. and {Morris}, B.~M. and {Mueller}, M. and
		  {Mumford}, S.~J. and {Muna}, D. and {Murphy}, N.~A. and
		  {Nelson}, S. and {Nguyen}, G.~H. and {Ninan}, J.~P. and
		  {N{\"o}the}, M. and {Ogaz}, S. and {Oh}, S. and {Parejko},
		  J.~K. and {Parley}, N. and {Pascual}, S. and {Patil}, R.
		  and {Patil}, A.~A. and {Plunkett}, A.~L. and {Prochaska},
		  J.~X. and {Rastogi}, T. and {Reddy Janga}, V. and
		  {Sabater}, J. and {Sakurikar}, P. and {Seifert}, M. and
		  {Sherbert}, L.~E. and {Sherwood-Taylor}, H. and {Shih},
		  A.~Y. and {Sick}, J. and {Silbiger}, M.~T. and
		  {Singanamalla}, S. and {Singer}, L.~P. and {Sladen}, P.~H.
		  and {Sooley}, K.~A. and {Sornarajah}, S. and {Streicher},
		  O. and {Teuben}, P. and {Thomas}, S.~W. and {Tremblay},
		  G.~R. and {Turner}, J.~E.~H. and {Terr{\'o}n}, V. and {van
		  Kerkwijk}, M.~H. and {de la Vega}, A. and {Watkins}, L.~L.
		  and {Weaver}, B.~A. and {Whitmore}, J.~B. and {Woillez}, J.
		  and {Zabalza}, V. and {Astropy Contributors}},
  title		= "{The Astropy Project: Building an Open-science Project and
		  Status of the v2.0 Core Package}",
  journal	= {\aj},
  archiveprefix	= "arXiv",
  eprint	= {1801.02634},
  primaryclass	= "astro-ph.IM",
  keywords	= {methods: data analysis, methods: miscellaneous, methods:
		  statistical, reference systems },
  year		= 2018,
  month		= sep,
  volume	= 156,
  eid		= {123},
  pages		= {123},
  doi		= {10.3847/1538-3881/aabc4f},
  adsurl	= {http://adsabs.harvard.edu/abs/2018AJ....156..123A},
  adsnote	= {Provided by the SAO/NASA Astrophysics Data System}
}


@ARTICLE{foreman-mackey2013,
       author = {{Foreman-Mackey}, Daniel and {Hogg}, David W. and {Lang}, Dustin and
         {Goodman}, Jonathan},
        title = "{emcee: The MCMC Hammer}",
      journal = {\pasp},
     keywords = {Astrophysics - Instrumentation and Methods for Astrophysics, Physics - Computational Physics, Statistics - Computation},
         year = 2013,
        month = mar,
       volume = {125},
       number = {925},
        pages = {306},
          doi = {10.1086/670067},
archivePrefix = {arXiv},
       eprint = {1202.3665},
 primaryClass = {astro-ph.IM},
       adsurl = {https://ui.adsabs.harvard.edu/abs/2013PASP..125..306F},
      adsnote = {Provided by the SAO/NASA Astrophysics Data System}
}

@ARTICLE{virtanen2020,
       author = {{Virtanen}, Pauli and {Gommers}, Ralf and {Oliphant}, Travis E. and
         {Haberland}, Matt and {Reddy}, Tyler and {Cournapeau}, David and
         {Burovski}, Evgeni and {Peterson}, Pearu and {Weckesser}, Warren and
         {Bright}, Jonathan and {van der Walt}, St{\'e}fan J. and
         {Brett}, Matthew and {Wilson}, Joshua and {Millman}, K. Jarrod and
         {Mayorov}, Nikolay and {Nelson}, Andrew R.~J. and {Jones}, Eric and
         {Kern}, Robert and {Larson}, Eric and {Carey}, C.~J. and
         {Polat}, {\.I}lhan and {Feng}, Yu and {Moore}, Eric W. and {Vand
        erPlas}, Jake and {Laxalde}, Denis and {Perktold}, Josef and
         {Cimrman}, Robert and {Henriksen}, Ian and {Quintero}, E.~A. and
         {Harris}, Charles R. and {Archibald}, Anne M. and
         {Ribeiro}, Ant{\^o}nio H. and {Pedregosa}, Fabian and
         {van Mulbregt}, Paul and {SciPy 1. 0 Contributors}},
        title = "{SciPy 1.0: fundamental algorithms for scientific computing in Python}",
      journal = {Nature Methods},
     keywords = {Computer Science - Mathematical Software, Computer Science - Data Structures and Algorithms, Computer Science - Software Engineering, Physics - Computational Physics},
         year = 2020,
        month = feb,
       volume = {17},
        pages = {261-272},
          doi = {10.1038/s41592-019-0686-2},
archivePrefix = {arXiv},
       eprint = {1907.10121},
 primaryClass = {cs.MS},
       adsurl = {https://ui.adsabs.harvard.edu/abs/2020NatMe..17..261V},
      adsnote = {Provided by the SAO/NASA Astrophysics Data System}
}

@Article{	  wenger2000,
  author	= {{Wenger}, M. and {Ochsenbein}, F. and {Egret}, D. and
		  {Dubois}, P. and {Bonnarel}, F. and {Borde}, S. and
		  {Genova}, F. and {Jasniewicz}, G. and {Lalo{\"e}}, S. and
		  {Lesteven}, S. and {Monier}, R.},
  title		= "{The SIMBAD astronomical database. The CDS reference
		  database for astronomical objects}",
  journal	= {\aaps},
  eprint	= {astro-ph/0002110},
  keywords	= {ASTRONOMICAL DATA BASES: MISCELLANEOUS, CATALOGS},
  year		= 2000,
  month		= apr,
  volume	= 143,
  pages		= {9-22},
  doi		= {10.1051/aas:2000332},
  adsurl	= {http://adsabs.harvard.edu/abs/2000A%26AS..143....9W},
  adsnote	= {Provided by the SAO/NASA Astrophysics Data System}
}


@ARTICLE{Watt21,
       author = {{Watt}, Lewis and {Leinhardt}, Zoe and {Su}, Kate Y.~L.},
        title = "{Planetary embryo collisions and the wiggly nature of extreme debris discs}",
      journal = {\mnras},
     keywords = {methods: numerical, planets and satellites: formation, circumstellar matter, Astrophysics - Earth and Planetary Astrophysics},
         year = 2021,
        month = apr,
       volume = {502},
       number = {2},
        pages = {2984-3002},
          doi = {10.1093/mnras/stab106},
archivePrefix = {arXiv},
       eprint = {2101.05106},
 primaryClass = {astro-ph.EP},
       adsurl = {https://ui.adsabs.harvard.edu/abs/2021MNRAS.502.2984W},
      adsnote = {Provided by the SAO/NASA Astrophysics Data System}
}


@ARTICLE{BailerJones21,
       author = {{Bailer-Jones}, C.~A.~L. and {Rybizki}, J. and {Fouesneau}, M. and {Demleitner}, M. and {Andrae}, R.},
        title = "{Estimating Distances from Parallaxes. V. Geometric and Photogeometric Distances to 1.47 Billion Stars in Gaia Early Data Release 3}",
      journal = {\aj},
     keywords = {Catalogs, Galaxy structure, Bayesian statistics, Parallax, Stellar parallax, Photometric parallax, Distance indicators, Astrometry, Markov chain Monte Carlo, Absolute magnitude, 205, 622, 1900, 1197, 1618, 1231, 394, 80, 1889, 10, Astrophysics - Solar and Stellar Astrophysics, Astrophysics - Astrophysics of Galaxies},
         year = 2021,
        month = mar,
       volume = {161},
       number = {3},
          eid = {147},
        pages = {147},
          doi = {10.3847/1538-3881/abd806},
archivePrefix = {arXiv},
       eprint = {2012.05220},
 primaryClass = {astro-ph.SR},
       adsurl = {https://ui.adsabs.harvard.edu/abs/2021AJ....161..147B},
      adsnote = {Provided by the SAO/NASA Astrophysics Data System}
}



@ARTICLE{Brown21,
       author = {{Gaia Collaboration} and {Brown}, A.~G.~A. and {Vallenari}, A. and {Prusti}, T. and {de Bruijne}, J.~H.~J. and {Babusiaux}, C. and {Biermann}, M. and {Creevey}, O.~L. and {Evans}, D.~W. and {Eyer}, L. and {Hutton}, A. and {Jansen}, F. and {Jordi}, C. and {Klioner}, S.~A. and {Lammers}, U. and {Lindegren}, L. and {Luri}, X. and {Mignard}, F. and {Panem}, C. and {Pourbaix}, D. and {Randich}, S. and {Sartoretti}, P. and {Soubiran}, C. and {Walton}, N.~A. and {Arenou}, F. and {Bailer-Jones}, C.~A.~L. and {Bastian}, U. and {Cropper}, M. and {Drimmel}, R. and {Katz}, D. and {Lattanzi}, M.~G. and {van Leeuwen}, F. and {Bakker}, J. and {Cacciari}, C. and {Casta{\~n}eda}, J. and {De Angeli}, F. and {Ducourant}, C. and {Fabricius}, C. and {Fouesneau}, M. and {Fr{\'e}mat}, Y. and {Guerra}, R. and {Guerrier}, A. and {Guiraud}, J. and {Jean-Antoine Piccolo}, A. and {Masana}, E. and {Messineo}, R. and {Mowlavi}, N. and {Nicolas}, C. and {Nienartowicz}, K. and {Pailler}, F. and {Panuzzo}, P. and {Riclet}, F. and {Roux}, W. and {Seabroke}, G.~M. and {Sordo}, R. and {Tanga}, P. and {Th{\'e}venin}, F. and {Gracia-Abril}, G. and {Portell}, J. and {Teyssier}, D. and {Altmann}, M. and {Andrae}, R. and {Bellas-Velidis}, I. and {Benson}, K. and {Berthier}, J. and {Blomme}, R. and {Brugaletta}, E. and {Burgess}, P.~W. and {Busso}, G. and {Carry}, B. and {Cellino}, A. and {Cheek}, N. and {Clementini}, G. and {Damerdji}, Y. and {Davidson}, M. and {Delchambre}, L. and {Dell'Oro}, A. and {Fern{\'a}ndez-Hern{\'a}ndez}, J. and {Galluccio}, L. and {Garc{\'\i}a-Lario}, P. and {Garcia-Reinaldos}, M. and {Gonz{\'a}lez-N{\'u}{\~n}ez}, J. and {Gosset}, E. and {Haigron}, R. and {Halbwachs}, J. -L. and {Hambly}, N.~C. and {Harrison}, D.~L. and {Hatzidimitriou}, D. and {Heiter}, U. and {Hern{\'a}ndez}, J. and {Hestroffer}, D. and {Hodgkin}, S.~T. and {Holl}, B. and {Jan{\ss}en}, K. and {Jevardat de Fombelle}, G. and {Jordan}, S. and {Krone-Martins}, A. and {Lanzafame}, A.~C. and {L{\"o}ffler}, W. and {Lorca}, A. and {Manteiga}, M. and {Marchal}, O. and {Marrese}, P.~M. and {Moitinho}, A. and {Mora}, A. and {Muinonen}, K. and {Osborne}, P. and {Pancino}, E. and {Pauwels}, T. and {Petit}, J. -M. and {Recio-Blanco}, A. and {Richards}, P.~J. and {Riello}, M. and {Rimoldini}, L. and {Robin}, A.~C. and {Roegiers}, T. and {Rybizki}, J. and {Sarro}, L.~M. and {Siopis}, C. and {Smith}, M. and {Sozzetti}, A. and {Ulla}, A. and {Utrilla}, E. and {van Leeuwen}, M. and {van Reeven}, W. and {Abbas}, U. and {Abreu Aramburu}, A. and {Accart}, S. and {Aerts}, C. and {Aguado}, J.~J. and {Ajaj}, M. and {Altavilla}, G. and {{\'A}lvarez}, M.~A. and {{\'A}lvarez Cid-Fuentes}, J. and {Alves}, J. and {Anderson}, R.~I. and {Anglada Varela}, E. and {Antoja}, T. and {Audard}, M. and {Baines}, D. and {Baker}, S.~G. and {Balaguer-N{\'u}{\~n}ez}, L. and {Balbinot}, E. and {Balog}, Z. and {Barache}, C. and {Barbato}, D. and {Barros}, M. and {Barstow}, M.~A. and {Bartolom{\'e}}, S. and {Bassilana}, J. -L. and {Bauchet}, N. and {Baudesson-Stella}, A. and {Becciani}, U. and {Bellazzini}, M. and {Bernet}, M. and {Bertone}, S. and {Bianchi}, L. and {Blanco-Cuaresma}, S. and {Boch}, T. and {Bombrun}, A. and {Bossini}, D. and {Bouquillon}, S. and {Bragaglia}, A. and {Bramante}, L. and {Breedt}, E. and {Bressan}, A. and {Brouillet}, N. and {Bucciarelli}, B. and {Burlacu}, A. and {Busonero}, D. and {Butkevich}, A.~G. and {Buzzi}, R. and {Caffau}, E. and {Cancelliere}, R. and {C{\'a}novas}, H. and {Cantat-Gaudin}, T. and {Carballo}, R. and {Carlucci}, T. and {Carnerero}, M.~I. and {Carrasco}, J.~M. and {Casamiquela}, L. and {Castellani}, M. and {Castro-Ginard}, A. and {Castro Sampol}, P. and {Chaoul}, L. and {Charlot}, P. and {Chemin}, L. and {Chiavassa}, A. and {Cioni}, M. -R.~L. and {Comoretto}, G. and {Cooper}, W.~J. and {Cornez}, T. and {Cowell}, S. and {Crifo}, F. and {Crosta}, M. and {Crowley}, C. and {Dafonte}, C. and {Dapergolas}, A. and {David}, M. and {David}, P. and {de Laverny}, P. and {De Luise}, F. and {De March}, R. and {De Ridder}, J. and {de Souza}, R. and {de Teodoro}, P. and {de Torres}, A. and {del Peloso}, E.~F. and {del Pozo}, E. and {Delbo}, M. and {Delgado}, A. and {Delgado}, H.~E. and {Delisle}, J. -B. and {Di Matteo}, P. and {Diakite}, S. and {Diener}, C. and {Distefano}, E. and {Dolding}, C. and {Eappachen}, D. and {Edvardsson}, B. and {Enke}, H. and {Esquej}, P. and {Fabre}, C. and {Fabrizio}, M. and {Faigler}, S. and {Fedorets}, G. and {Fernique}, P. and {Fienga}, A. and {Figueras}, F. and {Fouron}, C. and {Fragkoudi}, F. and {Fraile}, E. and {Franke}, F. and {Gai}, M. and {Garabato}, D. and {Garcia-Gutierrez}, A. and {Garc{\'\i}a-Torres}, M. and {Garofalo}, A. and {Gavras}, P. and {Gerlach}, E. and {Geyer}, R. and {Giacobbe}, P. and {Gilmore}, G. and {Girona}, S. and {Giuffrida}, G. and {Gomel}, R. and {Gomez}, A. and {Gonzalez-Santamaria}, I. and {Gonz{\'a}lez-Vidal}, J.~J. and {Granvik}, M. and {Guti{\'e}rrez-S{\'a}nchez}, R. and {Guy}, L.~P. and {Hauser}, M. and {Haywood}, M. and {Helmi}, A. and {Hidalgo}, S.~L. and {Hilger}, T. and {H{\l}adczuk}, N. and {Hobbs}, D. and {Holland}, G. and {Huckle}, H.~E. and {Jasniewicz}, G. and {Jonker}, P.~G. and {Juaristi Campillo}, J. and {Julbe}, F. and {Karbevska}, L. and {Kervella}, P. and {Khanna}, S. and {Kochoska}, A. and {Kontizas}, M. and {Kordopatis}, G. and {Korn}, A.~J. and {Kostrzewa-Rutkowska}, Z. and {Kruszy{\'n}ska}, K. and {Lambert}, S. and {Lanza}, A.~F. and {Lasne}, Y. and {Le Campion}, J. -F. and {Le Fustec}, Y. and {Lebreton}, Y. and {Lebzelter}, T. and {Leccia}, S. and {Leclerc}, N. and {Lecoeur-Taibi}, I. and {Liao}, S. and {Licata}, E. and {Lindstr{\o}m}, E.~P. and {Lister}, T.~A. and {Livanou}, E. and {Lobel}, A. and {Madrero Pardo}, P. and {Managau}, S. and {Mann}, R.~G. and {Marchant}, J.~M. and {Marconi}, M. and {Marcos Santos}, M.~M.~S. and {Marinoni}, S. and {Marocco}, F. and {Marshall}, D.~J. and {Martin Polo}, L. and {Mart{\'\i}n-Fleitas}, J.~M. and {Masip}, A. and {Massari}, D. and {Mastrobuono-Battisti}, A. and {Mazeh}, T. and {McMillan}, P.~J. and {Messina}, S. and {Michalik}, D. and {Millar}, N.~R. and {Mints}, A. and {Molina}, D. and {Molinaro}, R. and {Moln{\'a}r}, L. and {Montegriffo}, P. and {Mor}, R. and {Morbidelli}, R. and {Morel}, T. and {Morris}, D. and {Mulone}, A.~F. and {Munoz}, D. and {Muraveva}, T. and {Murphy}, C.~P. and {Musella}, I. and {Noval}, L. and {Ord{\'e}novic}, C. and {Orr{\`u}}, G. and {Osinde}, J. and {Pagani}, C. and {Pagano}, I. and {Palaversa}, L. and {Palicio}, P.~A. and {Panahi}, A. and {Pawlak}, M. and {Pe{\~n}alosa Esteller}, X. and {Penttil{\"a}}, A. and {Piersimoni}, A.~M. and {Pineau}, F. -X. and {Plachy}, E. and {Plum}, G. and {Poggio}, E. and {Poretti}, E. and {Poujoulet}, E. and {Pr{\v{s}}a}, A. and {Pulone}, L. and {Racero}, E. and {Ragaini}, S. and {Rainer}, M. and {Raiteri}, C.~M. and {Rambaux}, N. and {Ramos}, P. and {Ramos-Lerate}, M. and {Re Fiorentin}, P. and {Regibo}, S. and {Reyl{\'e}}, C. and {Ripepi}, V. and {Riva}, A. and {Rixon}, G. and {Robichon}, N. and {Robin}, C. and {Roelens}, M. and {Rohrbasser}, L. and {Romero-G{\'o}mez}, M. and {Rowell}, N. and {Royer}, F. and {Rybicki}, K.~A. and {Sadowski}, G. and {Sagrist{\`a} Sell{\'e}s}, A. and {Sahlmann}, J. and {Salgado}, J. and {Salguero}, E. and {Samaras}, N. and {Sanchez Gimenez}, V. and {Sanna}, N. and {Santove{\~n}a}, R. and {Sarasso}, M. and {Schultheis}, M. and {Sciacca}, E. and {Segol}, M. and {Segovia}, J.~C. and {S{\'e}gransan}, D. and {Semeux}, D. and {Shahaf}, S. and {Siddiqui}, H.~I. and {Siebert}, A. and {Siltala}, L. and {Slezak}, E. and {Smart}, R.~L. and {Solano}, E. and {Solitro}, F. and {Souami}, D. and {Souchay}, J. and {Spagna}, A. and {Spoto}, F. and {Steele}, I.~A. and {Steidelm{\"u}ller}, H. and {Stephenson}, C.~A. and {S{\"u}veges}, M. and {Szabados}, L. and {Szegedi-Elek}, E. and {Taris}, F. and {Tauran}, G. and {Taylor}, M.~B. and {Teixeira}, R. and {Thuillot}, W. and {Tonello}, N. and {Torra}, F. and {Torra}, J. and {Turon}, C. and {Unger}, N. and {Vaillant}, M. and {van Dillen}, E. and {Vanel}, O. and {Vecchiato}, A. and {Viala}, Y. and {Vicente}, D. and {Voutsinas}, S. and {Weiler}, M. and {Wevers}, T. and {Wyrzykowski}, {\L}. and {Yoldas}, A. and {Yvard}, P. and {Zhao}, H. and {Zorec}, J. and {Zucker}, S. and {Zurbach}, C. and {Zwitter}, T.},
        title = "{Gaia Early Data Release 3. Summary of the contents and survey properties}",
      journal = {\aap},
     keywords = {catalogs, astrometry, parallaxes, proper motions, techniques: photometric, techniques: radial velocities, Astrophysics - Astrophysics of Galaxies},
         year = 2021,
        month = may,
       volume = {649},
          eid = {A1},
        pages = {A1},
          doi = {10.1051/0004-6361/202039657},
archivePrefix = {arXiv},
       eprint = {2012.01533},
 primaryClass = {astro-ph.GA},
       adsurl = {https://ui.adsabs.harvard.edu/abs/2021A&A...649A...1G},
      adsnote = {Provided by the SAO/NASA Astrophysics Data System}
}


@ARTICLE{Cutri03,
   author = {{Cutri}, R.~M. and {Skrutskie}, M.~F. and {van Dyk}, S. and 
    {Beichman}, C.~A. and {Carpenter}, J.~M. and {Chester}, T. and 
    {Cambresy}, L. and {Evans}, T. and {Fowler}, J. and {Gizis}, J. and 
    {Howard}, E. and {Huchra}, J. and {Jarrett}, T. and {Kopan}, E.~L.
and 
    {Kirkpatrick}, J.~D. and {Light}, R.~M. and {Marsh}, K.~A. and 
    {McCallon}, H. and {Schneider}, S. and {Stiening}, R. and {Sykes},
M. and 
    {Weinberg}, M. and {Wheaton}, W.~A. and {Wheelock}, S. and
{Zacarias}, N.
    },
    title = "{2MASS All-Sky Catalog of Point Sources (Cutri+ 2003)}",
  journal = {VizieR Online Data Catalog},
 keywords = {out.sam          1000x382  2MASS Point Source Catalogue,
sample output (on a total of 470,992,970 sources)},
     year = 2003,
    month = mar,
   volume = 2246,
    pages = {0},
   adsurl = {http://adsabs.harvard.edu/abs/2003yCat.2246....0C},
  adsnote = {Provided by the SAO/NASA Astrophysics Data System}
}



@ARTICLE{Crespi21,
       author = {{Crespi}, Samuele and {Dobbs-Dixon}, Ian and {Georgakarakos}, Nikolaos and {Haghighipour}, Nader and {Maindl}, Thomas I. and {Sch{\"a}fer}, Christoph M. and {Winter}, Philip Matthias},
        title = "{Protoplanet collisions: Statistical properties of ejecta}",
      journal = {\mnras},
     keywords = {planets and satellites: formation, planets and satellites: terrestrial planets, Astrophysics - Earth and Planetary Astrophysics},
         year = 2021,
        month = dec,
       volume = {508},
       number = {4},
        pages = {6013-6022},
          doi = {10.1093/mnras/stab2951},
archivePrefix = {arXiv},
       eprint = {2110.02977},
 primaryClass = {astro-ph.EP},
       adsurl = {https://ui.adsabs.harvard.edu/abs/2021MNRAS.508.6013C},
      adsnote = {Provided by the SAO/NASA Astrophysics Data System}
}



@ARTICLE{Su22,
       author = {{Su}, Kate Y.~L. and {Kennedy}, Grant M. and {Schlawin}, Everett and {Jackson}, Alan P. and {Rieke}, G.~H.},
        title = "{A Star-sized Impact-produced Dust Clump in the Terrestrial Zone of the HD 166191 System}",
      journal = {\apj},
     keywords = {Infrared excess, Circumstellar matter, Debris disks, Extrasolar rocky planets, Exoplanet migration, 788, 241, 363, 511, 2205, Astrophysics - Earth and Planetary Astrophysics},
         year = 2022,
        month = mar,
       volume = {927},
       number = {2},
          eid = {135},
        pages = {135},
          doi = {10.3847/1538-4357/ac4bbb},
archivePrefix = {arXiv},
       eprint = {2203.02366},
 primaryClass = {astro-ph.EP},
       adsurl = {https://ui.adsabs.harvard.edu/abs/2022ApJ...927..135S},
      adsnote = {Provided by the SAO/NASA Astrophysics Data System}
}


@ARTICLE{Su19,
       author = {{Su}, Kate Y.~L. and {Jackson}, Alan P. and {G{\'a}sp{\'a}r}, Andr{\'a}s and {Rieke}, George H. and {Dong}, Ruobing and {Olofsson}, Johan and {Kennedy}, G.~M. and {Leinhardt}, Zo{\"e} M. and {Malhotra}, Renu and {Hammer}, Michael and {Meng}, Huan Y.~A. and {Rujopakarn}, W. and {Rodriguez}, Joseph E. and {Pepper}, Joshua and {Reichart}, D.~E. and {James}, David and {Stassun}, Keivan G.},
        title = "{Extreme Debris Disk Variability: Exploring the Diverse Outcomes of Large Asteroid Impacts During the Era of Terrestrial Planet Formation}",
      journal = {\aj},
     keywords = {circumstellar matter, infrared: planetary systems, planets and satellites: dynamical evolution and stability, stars: individual: 2MASS J08090250‑4858172, 2MASS J07354269‑1450422, Astrophysics - Earth and Planetary Astrophysics},
         year = 2019,
        month = may,
       volume = {157},
       number = {5},
          eid = {202},
        pages = {202},
          doi = {10.3847/1538-3881/ab1260},
archivePrefix = {arXiv},
       eprint = {1903.10627},
 primaryClass = {astro-ph.EP},
       adsurl = {https://ui.adsabs.harvard.edu/abs/2019AJ....157..202S},
      adsnote = {Provided by the SAO/NASA Astrophysics Data System}
}


@ARTICLE{Jackson14,
       author = {{Jackson}, Alan P. and {Wyatt}, Mark C. and {Bonsor}, Amy and {Veras}, Dimitri},
        title = "{Debris froms giant impacts between planetary embryos at large orbital radii}",
      journal = {\mnras},
     keywords = {celestial mechanics, planets and satellites: detection, planets and satellites: formation, planet-disc interactions, circumstellar matter, Astrophysics - Earth and Planetary Astrophysics},
         year = 2014,
        month = jun,
       volume = {440},
       number = {4},
        pages = {3757-3777},
          doi = {10.1093/mnras/stu476},
archivePrefix = {arXiv},
       eprint = {1403.1888},
 primaryClass = {astro-ph.EP},
       adsurl = {https://ui.adsabs.harvard.edu/abs/2014MNRAS.440.3757J},
      adsnote = {Provided by the SAO/NASA Astrophysics Data System}
}


@ARTICLE{Jackson12,
       author = {{Jackson}, Alan P. and {Wyatt}, Mark C.},
        title = "{Debris from terrestrial planet formation: the Moon-forming collision}",
      journal = {\mnras},
     keywords = {Earth, Moon, planets and satellites: formation, planetary systems, Astrophysics - Earth and Planetary Astrophysics},
         year = 2012,
        month = sep,
       volume = {425},
       number = {1},
        pages = {657-679},
          doi = {10.1111/j.1365-2966.2012.21546.x},
archivePrefix = {arXiv},
       eprint = {1206.4190},
 primaryClass = {astro-ph.EP},
       adsurl = {https://ui.adsabs.harvard.edu/abs/2012MNRAS.425..657J},
      adsnote = {Provided by the SAO/NASA Astrophysics Data System}
}


@ARTICLE{RizzoSmith22,
       author = {{Rizzo Smith}, M. and {Rowan}, D.~M. and {Hambsch}, F.~J. and {Barker}, H. and {Stanek}, K.~Z. and {Kochanek}, C.~S. and {Jayasinghe}, T. and {Christy}, C. and {Thompson}, T.~A. and {Shappee}, B.~J. and {Holoien}, T.~W. -S. and {Prieto}, J.~L. and {Dong}, Subo and {Stritzinger}, M.},
        title = "{An Update on ASASSN-21qj: A Rapidly Fading, Sun-Like Star; Back With a Vengeance}",
      journal = {The Astronomer's Telegram},
     keywords = {Variables},
         year = 2022,
        month = jul,
       volume = {15531},
        pages = {1},
       adsurl = {https://ui.adsabs.harvard.edu/abs/2022ATel15531....1R},
      adsnote = {Provided by the SAO/NASA Astrophysics Data System}
}




@ARTICLE{Luger2021,
       author = { {Luger}, Rodrigo and {Bedell}, Megan and {Foreman-Mackey}, Daniel and {Crossfield}, Ian J.~M. and {Zhao}, Lily L. and {Hogg}, David W.},
        title = "{Mapping stellar surfaces III: An Efficient, Scalable, and Open-Source Doppler Imaging Model}",
      journal = {arXiv e-prints},
     keywords = {Astrophysics - Solar and Stellar Astrophysics, Astrophysics - Earth and Planetary Astrophysics, Astrophysics - Instrumentation and Methods for Astrophysics},
         year = 2021,
        month = oct,
          eid = {arXiv:2110.06271},
        pages = {arXiv:2110.06271},
archivePrefix = {arXiv},
       eprint = {2110.06271},
 primaryClass = {astro-ph.SR},
       adsurl = {https://ui.adsabs.harvard.edu/abs/2021arXiv211006271L},
      adsnote = {Provided by the SAO/NASA Astrophysics Data System}
}


@ARTICLE{Tonry18,
       author = {{Tonry}, J.~L. and {Denneau}, L. and {Heinze}, A.~N. and {Stalder}, B. and {Smith}, K.~W. and {Smartt}, S.~J. and {Stubbs}, C.~W. and {Weiland}, H.~J. and {Rest}, A.},
        title = "{ATLAS: A High-cadence All-sky Survey System}",
      journal = {\pasp},
     keywords = {Astrophysics - Instrumentation and Methods for Astrophysics},
         year = 2018,
        month = jun,
       volume = {130},
       number = {988},
        pages = {064505},
          doi = {10.1088/1538-3873/aabadf},
archivePrefix = {arXiv},
       eprint = {1802.00879},
 primaryClass = {astro-ph.IM},
       adsurl = {https://ui.adsabs.harvard.edu/abs/2018PASP..130f4505T},
      adsnote = {Provided by the SAO/NASA Astrophysics Data System}
}
%White dwarf literature
@ARTICLE{Gaensike2019,
       author = {{G{\"a}nsicke}, Boris T. and {Schreiber}, Matthias R. and {Toloza}, Odette and {Gentile Fusillo}, Nicola P. and {Koester}, Detlev and {Manser}, Christopher J.},
        title = "{Accretion of a giant planet onto a white dwarf star}",
      journal = {\nat},
     keywords = {Astrophysics - Earth and Planetary Astrophysics, Astrophysics - Solar and Stellar Astrophysics},
         year = 2019,
        month = dec,
       volume = {576},
       number = {7785},
        pages = {61-64},
          doi = {10.1038/s41586-019-1789-8},
archivePrefix = {arXiv},
       eprint = {1912.01611},
 primaryClass = {astro-ph.EP},
       adsurl = {https://ui.adsabs.harvard.edu/abs/2019Natur.576...61G},
      adsnote = {Provided by the SAO/NASA Astrophysics Data System}
}

@INCOLLECTION{Veras2021,
       author = {{Veras}, Dimitri},
        title = "{Planetary Systems Around White Dwarfs}",
     keywords = {Astrophysics - Earth and Planetary Astrophysics, Astrophysics - Solar and Stellar Astrophysics},
    booktitle = {Oxford Research Encyclopedia of Planetary Science},
         year = 2021,
          eid = {1},
        pages = {1},
          doi = {10.1093/acrefore/9780190647926.013.238},
       adsurl = {https://ui.adsabs.harvard.edu/abs/2021orel.bookE...1V},
      adsnote = {Provided by the SAO/NASA Astrophysics Data System}
}

@ARTICLE{Turner2020,
       author = {{Turner}, Samuel G.~D. and {Wyatt}, Mark C.},
        title = "{Modelling the distributions of white dwarf atmospheric pollution: a low Mg abundance for accreted planetesimals?}",
      journal = {\mnras},
     keywords = {planets and satellites: composition, stars: abundances, white dwarfs, Astrophysics - Earth and Planetary Astrophysics, Astrophysics - Solar and Stellar Astrophysics},
         year = 2020,
        month = feb,
       volume = {491},
       number = {4},
        pages = {4672-4689},
          doi = {10.1093/mnras/stz3191},
archivePrefix = {arXiv},
       eprint = {1911.05131},
 primaryClass = {astro-ph.EP},
       adsurl = {https://ui.adsabs.harvard.edu/abs/2020MNRAS.491.4672T},
      adsnote = {Provided by the SAO/NASA Astrophysics Data System}
}

@ARTICLE{Putirka2021,
       author = {{Putirka}, Keith D. and {Xu}, Siyi},
        title = "{Polluted white dwarfs reveal exotic mantle rock types on exoplanets in our solar neighborhood}",
      journal = {Nature Communications},
     keywords = {Astrophysics - Earth and Planetary Astrophysics, Astrophysics - Solar and Stellar Astrophysics},
         year = 2021,
        month = nov,
       volume = {12},
          eid = {6168},
        pages = {6168},
          doi = {10.1038/s41467-021-26403-8},
archivePrefix = {arXiv},
       eprint = {2111.03124},
 primaryClass = {astro-ph.EP},
       adsurl = {https://ui.adsabs.harvard.edu/abs/2021NatCo..12.6168P},
      adsnote = {Provided by the SAO/NASA Astrophysics Data System}
}

@ARTICLE{Blouin2020,
       author = {{Blouin}, Simon},
        title = "{Magnesium abundances in cool metal-polluted white dwarfs}",
      journal = {\mnras},
     keywords = {stars: abundances, white dwarfs, stars: atmospheres, planets and satellites: composition, Astrophysics - Solar and Stellar Astrophysics, Astrophysics - Earth and Planetary Astrophysics},
         year = 2020,
        month = aug,
       volume = {496},
       number = {2},
        pages = {1881-1890},
          doi = {10.1093/mnras/staa1689},
archivePrefix = {arXiv},
       eprint = {2006.04755},
 primaryClass = {astro-ph.SR},
       adsurl = {https://ui.adsabs.harvard.edu/abs/2020MNRAS.496.1881B},
      adsnote = {Provided by the SAO/NASA Astrophysics Data System}
}